<?xml version="1.0" encoding="UTF-8"?><collection xmlns="http://www.loc.gov/MARC21/slim"><record><leader>00555nam--2200193-i-4500</leader><controlfield tag="001">000007649</controlfield><controlfield tag="002">20161230</controlfield><controlfield tag="005">20161230201027</controlfield><controlfield tag="008">060222s1000------------r-----000-0-eng-d</controlfield><datafield ind1=" " ind2=" " tag="040"><subfield code="a">IFIN-HH</subfield></datafield><datafield ind1=" " ind2=" " tag="080"><subfield code="a">538.3</subfield></datafield><datafield ind1="1" ind2=" " tag="100"><subfield code="a">Corson, Dale R</subfield></datafield><datafield ind1="1" ind2="0" tag="245"><subfield code="a">Introduction to electromagnetic fields and waves</subfield><subfield code="c">Dale r. corson; paul lorrain</subfield></datafield><datafield ind1=" " ind2=" " tag="260"><subfield code="a">San Francisco</subfield><subfield code="b">W.H. Freeman And Company</subfield><subfield code="c">1962</subfield></datafield><datafield ind1=" " ind2=" " tag="300"><subfield code="a">XIV + 552 P</subfield></datafield><datafield ind1=" " ind2=" " tag="490"><subfield code="a">A Series Of Books In Physics</subfield></datafield><datafield ind1="1" ind2=" " tag="700"><subfield code="a">Lorrain, Paul</subfield></datafield><datafield ind1=" " ind2=" " tag="852"><subfield code="a">24032</subfield><subfield code="c">537:538</subfield></datafield><datafield ind1=" " ind2=" " tag="CAT"><subfield code="a">Sys</subfield><subfield code="c">20110614</subfield><subfield code="h">130957</subfield></datafield></record></collection>